<?xml version="1.0" encoding="UTF-8"?><collection xmlns="http://www.loc.gov/MARC21/slim"><record><leader>00387nam--2200109-i-4500</leader><controlfield tag="001">000037041</controlfield><controlfield tag="002">20161230</controlfield><controlfield tag="005">20161230201041</controlfield><controlfield tag="008">060222s1000------------r-----000-0-eng-d</controlfield><datafield ind1=" " ind2=" " tag="245"><subfield code="a">Probleme ale electrificarii tarii si ale industriei electrotehnice. nr.1. repertoriu bibliografic periodic al materialului existent la i.s.r.s</subfield></datafield><datafield ind1=" " ind2=" " tag="260"><subfield code="a">Bucuresti, Acad.R.P.R., I.R.S., 1951, 72p</subfield></datafield><datafield ind1=" " ind2=" " tag="852"><subfield code="a">1340</subfield></datafield></record></collection>